# KUBRIC
@article{greff2021kubric,
    title = {Kubric: a scalable dataset generator}, 
    author = {Klaus Greff and Francois Belletti and Lucas Beyer and Carl Doersch and
              Yilun Du and Daniel Duckworth and David J Fleet and Dan Gnanapragasam and
              Florian Golemo and Charles Herrmann and Thomas Kipf and Abhijit Kundu and
              Dmitry Lagun and Issam Laradji and Hsueh-Ti (Derek) Liu and Henning Meyer and
              Yishu Miao and Derek Nowrouzezahrai and Cengiz Oztireli and Etienne Pot and
              Noha Radwan and Daniel Rebain and Sara Sabour and Mehdi S. M. Sajjadi and Matan Sela and
              Vincent Sitzmann and Austin Stone and Deqing Sun and Suhani Vora and Ziyu Wang and
              Tianhao Wu and Kwang Moo Yi and Fangcheng Zhong and Andrea Tagliasacchi},
    booktitle = {Proceedings of the IEEE Conference on Computer Vision and Pattern Recognition (CVPR)},
    year = {2022},
}

@article{tsirikoglou2017procedural,
  title={Procedural modeling and physically based rendering for synthetic data generation in automotive applications},
  author={Tsirikoglou, Apostolia and Kronander, Joel and Wrenninge, Magnus and Unger, Jonas},
  journal={arXiv preprint arXiv:1710.06270},
  year={2017}
}

@InProceedings{Fabbri_2021_ICCV,
    author    = {Fabbri, Matteo and Bras\'o, Guillem and Maugeri, Gianluca and Cetintas, Orcun and Gasparini, Riccardo and O\v{s}ep, Aljo\v{s}a and Calderara, Simone and Leal-Taix\'e, Laura and Cucchiara, Rita},
    title     = {MOTSynth: How Can Synthetic Data Help Pedestrian Detection and Tracking?},
    booktitle = {Proceedings of the IEEE/CVF International Conference on Computer Vision (ICCV)},
    month     = {October},
    year      = {2021},
    pages     = {10849-10859}
}

@inproceedings{richter2016playing,
  title={Playing for data: Ground truth from computer games},
  author={Richter, Stephan R and Vineet, Vibhav and Roth, Stefan and Koltun, Vladlen},
  booktitle={European conference on computer vision},
  pages={102--118},
  year={2016},
  organization={Springer}
}

@article{kermode2020objects,
  title={Objects of violence: synthetic data for practical ML in human rights investigations},
  author={Kermode, Lachlan and Freyberg, Jan and Akturk, Alican and Trafford, Robert and Kochetkov, Denis and Pardinas, Rafael and Weizman, Eyal and Cornebise, Julien},
  journal={arXiv preprint arXiv:2004.01030},
  year={2020}
}


@inproceedings{wu2019squeezesegv2,
  title={Squeezesegv2: Improved model structure and unsupervised domain adaptation for road-object segmentation from a lidar point cloud},
  author={Wu, Bichen and Zhou, Xuanyu and Zhao, Sicheng and Yue, Xiangyu and Keutzer, Kurt},
  booktitle={2019 International Conference on Robotics and Automation (ICRA)},
  pages={4376--4382},
  year={2019},
  organization={IEEE}
}

@inproceedings{hurl2019precise,
  title={Precise synthetic image and lidar (presil) dataset for autonomous vehicle perception},
  author={Hurl, Braden and Czarnecki, Krzysztof and Waslander, Steven},
  booktitle={2019 IEEE Intelligent Vehicles Symposium (IV)},
  pages={2522--2529},
  year={2019},
  organization={IEEE}
}

@article{neuhausen2020using,
  title={Using synthetic data to improve and evaluate the tracking performance of construction workers on site},
  author={Neuhausen, Marcel and Herbers, Patrick and K{\"o}nig, Markus},
  journal={Applied Sciences},
  volume={10},
  number={14},
  pages={4948},
  year={2020},
  publisher={MDPI}
}

@inproceedings{kerim2021nova,
  title={NOVA: Rendering virtual worlds with humans for computer vision tasks},
  author={Kerim, Abdulrahman and Aslan, Cem and Celikcan, Ufuk and Erdem, Erkut and Erdem, Aykut},
  booktitle={Computer Graphics Forum},
  volume={40},
  number={6},
  pages={258--272},
  year={2021},
  organization={Wiley Online Library}
}


@phdthesis{bhandari2018procedural,
  title={Procedural synthetic data for self-driving cars using 3D graphics},
  author={Bhandari, Nishchal},
  year={2018},
  school={Massachusetts Institute of Technology}
}


@inproceedings{wang2019learning,
  title={Learning from synthetic data for crowd counting in the wild},
  author={Wang, Qi and Gao, Junyu and Lin, Wei and Yuan, Yuan},
  booktitle={Proceedings of the IEEE/CVF conference on computer vision and pattern recognition},
  pages={8198--8207},
  year={2019}
}


@inproceedings{martinez2021unrealrox+,
  title={UnrealROX+: An Improved Tool for Acquiring Synthetic Data from Virtual 3D Environments},
  author={Martinez-Gonzalez, Pablo and Oprea, Sergiu and Castro-Vargas, John Alejandro and Garcia-Garcia, Alberto and Orts-Escolano, Sergio and Garcia-Rodriguez, Jose and Vincze, Markus},
  booktitle={2021 International Joint Conference on Neural Networks (IJCNN)},
  pages={1--8},
  year={2021},
  organization={IEEE}
}
@inproceedings{ros2016synthia,
  title={The synthia dataset: A large collection of synthetic images for semantic segmentation of urban scenes},
  author={Ros, German and Sellart, Laura and Materzynska, Joanna and Vazquez, David and Lopez, Antonio M},
  booktitle={Proceedings of the IEEE conference on computer vision and pattern recognition},
  pages={3234--3243},
  year={2016}
}
@inproceedings{korakakis2018short,
  title={A short survey on modern virtual environments that utilize AI and synthetic data.},
  author={Korakakis, Michalis and Mylonas, Phivos and Spyrou, Evaggelos},
  booktitle={MCIS},
  pages={34},
  year={2018}
}
@article{shafaei2016play,
  title={Play and learn: Using video games to train computer vision models},
  author={Shafaei, Alireza and Little, James J and Schmidt, Mark},
  journal={arXiv preprint arXiv:1608.01745},
  year={2016}
}
@inproceedings{marcu2018safeuav,
  title={SafeUAV: Learning to estimate depth and safe landing areas for UAVs from synthetic data},
  author={Marcu, Alina and Costea, Dragos and Licaret, Vlad and P{\^\i}rvu, Mihai and Slusanschi, Emil and Leordeanu, Marius},
  booktitle={Proceedings of the European Conference on Computer Vision (ECCV) Workshops},
  pages={0--0},
  year={2018}
}

@inproceedings{stein2018genesis,
  title={Genesis-rt: Generating synthetic images for training secondary real-world tasks},
  author={Stein, Gregory J and Roy, Nicholas},
  booktitle={2018 IEEE International Conference on Robotics and Automation (ICRA)},
  pages={7151--7158},
  year={2018},
  organization={IEEE}
}

@inproceedings{pouyanfar2019roads,
  title={Roads: Randomization for obstacle avoidance and driving in simulation},
  author={Pouyanfar, Samira and Saleem, Muneeb and George, Nikhil and Chen, Shu-Ching},
  booktitle={Proceedings of the IEEE/CVF Conference on Computer Vision and Pattern Recognition Workshops},
  pages={0--0},
  year={2019}
}

@article{barisic2022sim2air,
  title={Sim2Air-Synthetic aerial dataset for UAV monitoring},
  author={Barisic, Antonella and Petric, Frano and Bogdan, Stjepan},
  journal={IEEE Robotics and Automation Letters},
  volume={7},
  number={2},
  pages={3757--3764},
  year={2022},
  publisher={IEEE}
}


@inproceedings{khan2019procsy,
  title={ProcSy: Procedural Synthetic Dataset Generation Towards Influence Factor Studies Of Semantic Segmentation Networks.},
  author={Khan, Samin and Phan, Buu and Salay, Rick and Czarnecki, Krzysztof},
  booktitle={CVPR workshops},
  pages={88--96},
  year={2019}
}

@article{wrenninge2018synscapes,
  title={Synscapes: A photorealistic synthetic dataset for street scene parsing},
  author={Wrenninge, Magnus and Unger, Jonas},
  journal={arXiv preprint arXiv:1810.08705},
  year={2018}
}

@inproceedings{kar2019meta,
  title={Meta-sim: Learning to generate synthetic datasets},
  author={Kar, Amlan and Prakash, Aayush and Liu, Ming-Yu and Cameracci, Eric and Yuan, Justin and Rusiniak, Matt and Acuna, David and Torralba, Antonio and Fidler, Sanja},
  booktitle={Proceedings of the IEEE/CVF International Conference on Computer Vision},
  pages={4551--4560},
  year={2019}
}


@article{barth2018data,
  title={Data synthesis methods for semantic segmentation in agriculture: A Capsicum annuum dataset},
  author={Barth, Ruud and IJsselmuiden, Joris and Hemming, Jochen and Van Henten, Eldert J},
  journal={Computers and electronics in agriculture},
  volume={144},
  pages={284--296},
  year={2018},
  publisher={Elsevier}
}
@article{barth2018data,
  title={Data synthesis methods for semantic segmentation in agriculture: A Capsicum annuum dataset},
  author={Barth, Ruud and IJsselmuiden, Joris and Hemming, Jochen and Van Henten, Eldert J},
  journal={Computers and electronics in agriculture},
  volume={144},
  pages={284--296},
  year={2018},
  publisher={Elsevier}
}
